@misc{bach2023finding,
	title={Finding Optimal Diverse Feature Sets with Alternative Feature Selection},
	author={Bach, Jakob},
	howpublished={arXiv:2307.11607v2 [cs.LG]},
	year={2024},
	doi={10.48550/arXiv.2307.11607}
}

@misc{bach2025subgroup,
	title={Subgroup Discovery with Small and Alternative Feature Sets},
	author={Bach, Jakob},
	howpublished={Conditionally accepted at SIGMOD 2025.}
}

@misc{bach2024using,
	title={Using Constraints to Discover Sparse and Alternative Subgroup Descriptions},
	author={Bach, Jakob},
	howpublished={arXiv:2406.01411v1 [cs.LG]},
	year={2024},
	doi={10.48550/arXiv.2406.01411},
}

@article{bach2024alternative,
	title={Alternative feature selection with user control},
	author={Bach, Jakob and B{\"o}hm, Klemens},
	journal={Int. J. Data Sci. Anal.},
	year={2024},
	doi={10.1007/s41060-024-00527-8}
}

@article{bach2022empirical,
	title={An Empirical Evaluation of Constrained Feature Selection},
	author={Bach, Jakob and Zoller, Kolja and Trittenbach, Holger and Schulz, Katrin and B{\"o}hm, Klemens},
	journal={SN Comput. Sci.},
	volume={3},
	number={6},
	year={2022},
	doi={10.1007/s42979-022-01338-z}
}
